<?xml version="1.0" encoding="UTF-8"?><collection xmlns="http://www.loc.gov/MARC21/slim"><record><leader>00372nam--2200145-i-4500</leader><controlfield tag="001">000014063</controlfield><controlfield tag="002">20161230</controlfield><controlfield tag="005">20161230201030</controlfield><controlfield tag="008">060222s1000------------r-----000-0-eng-d</controlfield><datafield ind1=" " ind2=" " tag="080"><subfield code="a">550.34(083.4)</subfield></datafield><datafield ind1=" " ind2=" " tag="100"><subfield code="a">Demetrescu, G</subfield></datafield><datafield ind1=" " ind2=" " tag="245"><subfield code="a">Tables usuelles pour bucharest</subfield></datafield><datafield ind1=" " ind2=" " tag="260"><subfield code="a">Bucuresti, Observatoire De Bucharest, 15p</subfield></datafield><datafield ind1=" " ind2=" " tag="490"><subfield code="a">Notes De Seisologie</subfield></datafield><datafield ind1=" " ind2=" " tag="852"><subfield code="a">47627</subfield></datafield></record></collection>